@BOOK{abrash97,
author = {Michael Abrash},
title = {{Michael Abrash's Graphics Programming Black Book}},
edition = {special},
publisher = {Coriolis Group Books},
year = {1997}
}

@ARTICLE{fuchs80,
author = {Henry Fuchs and Zvi M Kedem and Bruce F Naylor},
title = {{On Visible Surface Generation by A Priori Tree Structures}},
journal = {Computer Graphics},
volume = {14},
number = {3},
year = {1980},
pages = {124-133}
}

@MASTERSTHESIS{golodetz06,
author = {Stuart M Golodetz},
title = {{A 3D Map Editor}},
school = {Oxford University Computing Laboratory},
year = {2006},
type = {Undergraduate thesis},
month = {May}
}

@ARTICLE{golodetzoverload08aug,
author = {Stuart Golodetz},
title = {{Divide and Conquer: Partition Trees and Their Uses}},
journal = {Overload},
volume = {86},
month = {August},
year = {2008}
}

@ARTICLE{golodetzoverload13oct,
author = {Stuart Golodetz},
title = {{Automatic Navigation Mesh Generation in Configuration Space}},
journal = {Overload},
volume = {117},
month = {October},
year = {2013}
}

@MISC{hesperus,
author = {Stuart Golodetz},
title = {{The \emph{hesperus} 3D game engine}},
howpublished = {Source code available online at: \\ \url{https://github.com/sgolodetz/hesperus2}}
}

@ARTICLE{melax00,
author = {Stan Melax},
title = {{Dynamic Plane Shifting BSP Traversal}},
journal = {Graphics Interface},
volume = {2000},
pages = {213-220},
year = {2000}
}

@BOOK{millington07,
author = {Ian Millington},
title = {{Game Physics Engine Development}},
publisher = {Morgan Kaufmann},
year = {2007}
}

@INCOLLECTION{snethen08,
author = {Gary Snethen},
title = {{XenoCollide: Complex Collision Made Simple}},
booktitle = {Game Programming Gems 7},
editor = {Scott Jacobs},
publisher = {Charles River Media},
pages = {165-178},
year = {2008}
}

@MASTERSTHESIS{vanwaveren01,
author = {Jean Paul van Waveren},
title = {{The Quake III Arena Bot}},
school = {Delft University of Technology},
year = {2001}
}